\textsl{
@article{saad_scalable_2016,
	title = {Scalable {Tools} for {Generating} {Synthetic} {Isotropic} {Turbulence} with {Arbitrary} {Spectra}},
	volume = {55},
	issn = {0001-1452},
	url = {https://doi.org/10.2514/1.J055230},
	doi = {10.2514/1.J055230},
	number = {1},
	urldate = {2017-10-31},
	journal = {AIAA Journal},
	author = {Saad, Tony and Cline, Derek and Stoll, Rob and Sutherland, James C.},
	month = aug,
	year = {2016},
	keywords = {isotropic turbulence, project\_DNS},
	pages = {327--331},
	annote = {doi: 10.2514/1.J055230}
}

@article{kraichnan_diffusion_1970,
	title = {Diffusion by a {Random} {Velocity} {Field}},
	volume = {13},
	url = {http://aip.scitation.org/doi/abs/10.1063/1.1692799},
	doi = {10.1063/1.1692799},
	number = {1},
	journal = {The Physics of Fluids},
	author = {Kraichnan, Robert H.},
	year = {1970},
	pages = {22--31}
}

@article{saad_comment_2016,
	title = {Comment on “{Diffusion} by a random velocity field” [{Phys}. {Fluids} 13, 22 (1970)]},
	volume = {28},
	url = {https://doi.org/10.1063/1.4968528},
	doi = {10.1063/1.4968528},
	number = {11},
	journal = {Physics of Fluids},
	author = {Saad, Tony and Sutherland, James C.},
	year = {2016},
	pages = {119101}
}


@incollection{bailly_stochastic_1999,
	series = {Aeroacoustics {Conferences}},
	title = {A stochastic approach to compute subsonic noise using linearized {Euler}'s equations},
	url = {https://doi.org/10.2514/6.1999-1872},
	urldate = {2017-12-30},
	booktitle = {5th {AIAA}/{CEAS} {Aeroacoustics} {Conference} and {Exhibit}},
	publisher = {American Institute of Aeronautics and Astronautics},
	author = {Bailly, Christophe and Juve, Daniel},
	year = {1999},
	note = {DOI: 10.2514/6.1999-1872},
	annote = {doi:10.2514/6.1999-1872}
}